%% This BibTeX bibliography file was created using BibDesk.
%% https://bibdesk.sourceforge.io/

%% Created for Emanuel Klatzer at 2024-03-13 20:30:14 +0100 


%% Saved with string encoding Unicode (UTF-8) 

@incollection{platon-apologie,
  author={Platon},
  title={Apologie},
  booktitle={Platons Werke},
  editor={Schleiermacher, F.},
  publisher={Akademie Verlag},
  address={Berlin},
  year={1985},
  note={Neuausgabe der zweiten verbesserten Auflage (Berlin 1817-26) bzw. der ersten Auflage des dritten Teils (Berlin 1828)}
}

@incollection{platon-meno,
  author={Platon},
  title={Meno},
  booktitle={Platons Werke},
  editor={Schleiermacher, F.},
  publisher={Akademie Verlag},
  address={Berlin},
  year={1985},
  note={Neuausgabe der zweiten verbesserten Auflage (Berlin 1817-26) bzw. der ersten Auflage des dritten Teils (Berlin 1828)}
}

@incollection{platon-theaitetos,
  author={Platon},
  title={Theaitetos},
  booktitle={Platons Werke},
  editor={Schleiermacher, F.},
  publisher={Akademie Verlag},
  address={Berlin},
  year={1985},
  note={Neuausgabe der zweiten verbesserten Auflage (Berlin 1817-26) bzw. der ersten Auflage des dritten Teils (Berlin 1828)}
}


@book{gunther,
	address = {Frankfurt am Main},
	author = {G{\"u}nther, Gotthard},
	date-added = {2024-02-01 05:36:21 +0100},
	date-modified = {2024-02-01 05:39:23 +0100},
	edition = {3},
	publisher = {Vittorio Klostermann},
	title = {Das Bewu{\ss}tsein der Maschinen: Eine Metaphysik der Kybernetik},
	year = {2021},
	bdsk-file-1 = {YnBsaXN0MDDSAQIDBFxyZWxhdGl2ZVBhdGhZYWxpYXNEYXRhbxDdAC4ALgAvAC4ALgAvAC4ALgAvAEwAaQBiAHIAYQByAHkALwBNAG8AYgBpAGwAZQAgAEQAbwBjAHUAbQBlAG4AdABzAC8AYwBvAG0AfgBhAHAAcABsAGUAfgBDAGwAbwB1AGQARABvAGMAcwAvAFUAbgBpAHYAZQByAHMAaQBkAGEAZAAvAFUAbgBpAF8AVwBpAGUAbgAvAEMAVQBOAEkAXwAyADAAMgAzAFcALwBFAHUAcgBvAHAAYQMIAGkAcwBjAGgAZQBfAFAAaABpAGwAbwBzAG8AcABoAGkAZQBfAFkATQBGAFAAUgAxADUANgAvAFMAZQBtAGkAbgBhAHIAYQByAGIAZQBpAHQAXwBLAEkAXwAmAF8AUwBvAGsAcgBhAHQAZQBzAC8ARwB1AGUAbgB0AGgAZQByAF8ARABhAHMAXwBCAGUAdwB1AHMAcwB0AHMAZQBpAG4AXwBkAGUAcgBfAE0AYQBzAGMAaABpAG4AZQBuAF8ARQBpAG4AZQBfAE0AZQB0AGEAcABoAHkAcwBpAGsAXwBkAGUAcgBfAEsAeQBiAGUAcgBuAGUAdABpAGsALgBwAGQAZk8RA1oAAAAAA1oAAgAADE1hY2ludG9zaCBIRAAAAAAAAAAAAAAAAAAAAOGiJKFCRAAB/////x9HdWVudGhlcl9EYXNfQmV3dXMjRkZGRkZGRkYucGRmAAAAAAAAAAAAAAAAAAAAAAAAAAAAAAAAAAAAAAAAAAD/////4dM5CgAAAAAAAAAAAAMACQAACiBjdQAAAAAAAAAAAAAAAAAbU2VtaW5hcmFyYmVpdF9LSV8mX1Nva3JhdGVzAAACAOwvOlVzZXJzOmVtYW51ZWxrbGF0emVyOkxpYnJhcnk6TW9iaWxlIERvY3VtZW50czpjb21+YXBwbGV+Q2xvdWREb2NzOlVuaXZlcnNpZGFkOlVuaV9XaWVuOkNVTklfMjAyM1c6RXVyb3BhzIhpc2NoZV9QaGlsb3NvcGhpZV9ZTUZQUjE1NjpTZW1pbmFyYXJiZWl0X0tJXyZfU29rcmF0ZXM6R3VlbnRoZXJfRGFzX0Jld3Vzc3RzZWluX2Rlcl9NYXNjaGluZW5fRWluZV9NZXRhcGh5c2lrX2Rlcl9LeWJlcm5ldGlrLnBkZgAOAJQASQBHAHUAZQBuAHQAaABlAHIAXwBEAGEAcwBfAEIAZQB3AHUAcwBzAHQAcwBlAGkAbgBfAGQAZQByAF8ATQBhAHMAYwBoAGkAbgBlAG4AXwBFAGkAbgBlAF8ATQBlAHQAYQBwAGgAeQBzAGkAawBfAGQAZQByAF8ASwB5AGIAZQByAG4AZQB0AGkAawAuAHAAZABmAA8AGgAMAE0AYQBjAGkAbgB0AG8AcwBoACAASABEABIA6lVzZXJzL2VtYW51ZWxrbGF0emVyL0xpYnJhcnkvTW9iaWxlIERvY3VtZW50cy9jb21+YXBwbGV+Q2xvdWREb2NzL1VuaXZlcnNpZGFkL1VuaV9XaWVuL0NVTklfMjAyM1cvRXVyb3BhzIhpc2NoZV9QaGlsb3NvcGhpZV9ZTUZQUjE1Ni9TZW1pbmFyYXJiZWl0X0tJXyZfU29rcmF0ZXMvR3VlbnRoZXJfRGFzX0Jld3Vzc3RzZWluX2Rlcl9NYXNjaGluZW5fRWluZV9NZXRhcGh5c2lrX2Rlcl9LeWJlcm5ldGlrLnBkZgATAAEvAAAVAAIAFf//AAAACAANABoAJAHhAAAAAAAAAgEAAAAAAAAABQAAAAAAAAAAAAAAAAAABT8=}}

